@book{ricci2011introduction,
	title={Introduction to recommender systems handbook},
	author={Ricci, Francesco and Rokach, Lior and Shapira, Bracha},
	year={2011},
	publisher={Springer}
}

@article{gomez2015netflix,
	title={The Netflix Recommender System: Algorithms, Business Value, and Innovation},
	author={Gomez-Uribe, Carlos A and Hunt, Neil},
	journal={ACM Transactions on Management Information Systems (TMIS)},
	volume={6},
	number={4},
	pages={13},
	year={2015},
	publisher={ACM}
}

@incollection{pazzani2007content,
  title={Content-based recommendation systems},
  author={Pazzani, Michael J and Billsus, Daniel},
  booktitle={The adaptive web},
  pages={325--341},
  year={2007},
  publisher={Springer}
}

@article{su2009survey,
  title={A survey of collaborative filtering techniques},
  author={Su, Xiaoyuan and Khoshgoftaar, Taghi M},
  journal={Advances in artificial intelligence},
  volume={2009},
  pages={4},
  year={2009},
  publisher={Hindawi Publishing Corp.}
}

@article{le2014distributed,
  title={Distributed representations of sentences and documents},
  author={Le, Quoc V and Mikolov, Tomas},
  journal={arXiv preprint arXiv:1405.4053},
  year={2014}
}

========================================================================

@inproceedings{resnick1994grouplens,
  title={GroupLens: an open architecture for collaborative filtering of netnews},
  author={Resnick, Paul and Iacovou, Neophytos and Suchak, Mitesh and Bergstrom, Peter and Riedl, John},
  booktitle={Proceedings of the 1994 ACM conference on Computer supported cooperative work},
  pages={175--186},
  year={1994},
  organization={ACM}
}

@inproceedings{sarwar2001item,
  title={Item-based collaborative filtering recommendation algorithms},
  author={Sarwar, Badrul and Karypis, George and Konstan, Joseph and Riedl, John},
  booktitle={Proceedings of the 10th international conference on World Wide Web},
  pages={285--295},
  year={2001},
  organization={ACM}
}

@article{koren2009matrix,
  title={Matrix factorization techniques for recommender systems},
  author={Koren, Yehuda and Bell, Robert and Volinsky, Chris},
  journal={Computer},
  number={8},
  pages={30--37},
  year={2009},
  publisher={IEEE}
}

@inproceedings{bennett2007netflix,
	title={The netflix prize},
	author={Bennett, James and Lanning, Stan},
	booktitle={Proceedings of KDD cup and workshop},
	volume={2007},
	pages={35},
	year={2007}
}

// matrix factorization

@article{mazumder2010spectral,
	title={Spectral regularization algorithms for learning large incomplete matrices},
	author={Mazumder, Rahul and Hastie, Trevor and Tibshirani, Robert},
	journal={The Journal of Machine Learning Research},
	volume={11},
	pages={2287--2322},
	year={2010},
	publisher={JMLR. org}
}

@inproceedings{lee2001algorithms,
	title={Algorithms for non-negative matrix factorization},
	author={Lee, Daniel D and Seung, H Sebastian},
	booktitle={Advances in neural information processing systems},
	pages={556--562},
	year={2001}
}

@incollection{zhou2008large,
  title={Large-scale parallel collaborative filtering for the netflix prize},
  author={Zhou, Yunhong and Wilkinson, Dennis and Schreiber, Robert and Pan, Rong},
  booktitle={Algorithmic Aspects in Information and Management},
  pages={337--348},
  year={2008},
  publisher={Springer}
}

// non-linear matrix factorization

@inproceedings{lawrence2009non,
	title={Non-linear matrix factorization with Gaussian processes},
	author={Lawrence, Neil D and Urtasun, Raquel},
	booktitle={Proceedings of the 26th Annual International Conference on Machine Learning},
	pages={601--608},
	year={2009},
	organization={ACM}
}

@inproceedings{rendle2010factorization,
  title={Factorization machines},
  author={Rendle, Steffen},
  booktitle={Data Mining (ICDM), 2010 IEEE 10th International Conference on},
  pages={995--1000},
  year={2010},
  organization={IEEE}
}

@inproceedings{lee2013local,
  title={Local low-rank matrix approximation},
  author={Lee, Joonseok and Kim, Seungyeon and Lebanon, Guy and Singer, Yoram},
  booktitle={Proceedings of The 30th International Conference on Machine Learning},
  pages={82--90},
  year={2013}
}

// deep learning

@article{hinton2006reducing,
	title={Reducing the dimensionality of data with neural networks},
	author={Hinton, Geoffrey E and Salakhutdinov, Ruslan R},
	journal={Science},
	volume={313},
	number={5786},
	pages={504--507},
	year={2006},
	publisher={American Association for the Advancement of Science}
}

@article{hinton2006fast,
	title={A fast learning algorithm for deep belief nets},
	author={Hinton, Geoffrey E and Osindero, Simon and Teh, Yee-Whye},
	journal={Neural computation},
	volume={18},
	number={7},
	pages={1527--1554},
	year={2006},
	publisher={MIT Press}
}

// deep learning for collaborative filtering

@inproceedings{salakhutdinov2007restricted,
	title={Restricted Boltzmann machines for collaborative filtering},
	author={Salakhutdinov, Ruslan and Mnih, Andriy and Hinton, Geoffrey},
	booktitle={Proceedings of the 24th international conference on Machine learning},
	pages={791--798},
	year={2007},
	organization={ACM}
}

@inproceedings{wang2015collaborative,
	title={Collaborative deep learning for recommender systems},
	author={Wang, Hao and Wang, Naiyan and Yeung, Dit-Yan},
	booktitle={Proceedings of the 21th ACM SIGKDD International Conference on Knowledge Discovery and Data Mining},
	pages={1235--1244},
	year={2015},
	organization={ACM}
}

@inproceedings{vincent2008extracting,
  title={Extracting and composing robust features with denoising autoencoders},
  author={Vincent, Pascal and Larochelle, Hugo and Bengio, Yoshua and Manzagol, Pierre-Antoine},
  booktitle={Proceedings of the 25th international conference on Machine learning},
  pages={1096--1103},
  year={2008},
  organization={ACM}
}

@inproceedings{wang2011collaborative,
  title={Collaborative topic modeling for recommending scientific articles},
  author={Wang, Chong and Blei, David M},
  booktitle={Proceedings of the 17th ACM SIGKDD international conference on Knowledge discovery and data mining},
  pages={448--456},
  year={2011},
  organization={ACM}
}

@inproceedings{li2015deep,
	title={Deep Collaborative Filtering via Marginalized Denoising Auto-encoder},
	author={Li, Sheng and Kawale, Jaya and Fu, Yun},
	booktitle={Proceedings of the 24th ACM International on Conference on Information and Knowledge Management},
	pages={811--820},
	year={2015},
	organization={ACM}
}

@inproceedings{salakhutdinov2011probabilistic,
	title={Probabilistic matrix factorization},
	author={Salakhutdinov, Ruslan and Mnih, Andriy},
	year={2011},
	organization={Citeseer}
}

@article{chen2012marginalized,
	title={Marginalized denoising autoencoders for domain adaptation},
	author={Chen, Minmin and Xu, Zhixiang and Weinberger, Kilian and Sha, Fei},
	journal={arXiv preprint arXiv:1206.4683},
	year={2012}
}

@inproceedings{van2013deep,
	title={Deep content-based music recommendation},
	author={Van den Oord, Aaron and Dieleman, Sander and Schrauwen, Benjamin},
	booktitle={Advances in Neural Information Processing Systems},
	pages={2643--2651},
	year={2013}
}

// word2vec
@article{mikolov2013efficient,
	title={Efficient estimation of word representations in vector space},
	author={Mikolov, Tomas and Chen, Kai and Corrado, Greg and Dean, Jeffrey},
	journal={arXiv preprint arXiv:1301.3781},
	year={2013}
}

@inproceedings{mikolov2013distributed,
	title={Distributed representations of words and phrases and their compositionality},
	author={Mikolov, Tomas and Sutskever, Ilya and Chen, Kai and Corrado, Greg S and Dean, Jeff},
	booktitle={Advances in neural information processing systems},
	pages={3111--3119},
	year={2013}
}



========================================================================





@article{chin2015fast,
  title={A fast parallel stochastic gradient method for matrix factorization in shared memory systems},
  author={Chin, Wei-Sheng and Zhuang, Yong and Juan, Yu-Chin and Lin, Chih-Jen},
  journal={ACM Transactions on Intelligent Systems and Technology (TIST)},
  volume={6},
  number={1},
  pages={2},
  year={2015},
  publisher={ACM}
}

@article{rendle2012factorization,
  title={Factorization machines with libFM},
  author={Rendle, Steffen},
  journal={ACM Transactions on Intelligent Systems and Technology (TIST)},
  volume={3},
  number={3},
  pages={57},
  year={2012},
  publisher={ACM}
}

@article{chen2012svdfeature,
  title={SVDFeature: a toolkit for feature-based collaborative filtering},
  author={Chen, Tianqi and Zhang, Weinan and Lu, Qiuxia and Chen, Kailong and Zheng, Zhao and Yu, Yong},
  journal={The Journal of Machine Learning Research},
  volume={13},
  number={1},
  pages={3619--3622},
  year={2012},
  publisher={JMLR. org}
}

@article{chen2011feature,
	title={Feature-based matrix factorization},
	author={Chen, Tianqi and Zheng, Zhao and Lu, Qiuxia and Zhang, Weinan and Yu, Yong},
	journal={arXiv preprint arXiv:1109.2271},
	year={2011}
}

========================================================================
// best result
@inproceedings{sedhain2015autorec,
	title={Autorec: Autoencoders meet collaborative filtering},
	author={Sedhain, Suvash and Menon, Aditya Krishna and Sanner, Scott and Xie, Lexing},
	booktitle={Proceedings of the 24th International Conference on World Wide Web Companion},
	pages={111--112},
	year={2015},
	organization={International World Wide Web Conferences Steering Committee}
}

