@article{gomez2015netflix,
	title={The Netflix Recommender System: Algorithms, Business Value, and Innovation},
	author={Gomez-Uribe, Carlos A and Hunt, Neil},
	journal={ACM Transactions on Management Information Systems (TMIS)},
	volume={6},
	number={4},
	pages={13},
	year={2015},
	publisher={ACM}
}

@incollection{pazzani2007content,
  title={Content-based recommendation systems},
  author={Pazzani, Michael J and Billsus, Daniel},
  booktitle={The adaptive web},
  pages={325--341},
  year={2007},
  publisher={Springer}
}

@article{su2009survey,
  title={A survey of collaborative filtering techniques},
  author={Su, Xiaoyuan and Khoshgoftaar, Taghi M},
  journal={Advances in artificial intelligence},
  volume={2009},
  pages={4},
  year={2009},
  publisher={Hindawi Publishing Corp.}
}

@article{le2014distributed,
  title={Distributed representations of sentences and documents},
  author={Le, Quoc V and Mikolov, Tomas},
  journal={arXiv preprint arXiv:1405.4053},
  year={2014}
}

========================================================================
@article{koren2009matrix,
  title={Matrix factorization techniques for recommender systems},
  author={Koren, Yehuda and Bell, Robert and Volinsky, Chris},
  journal={Computer},
  number={8},
  pages={30--37},
  year={2009},
  publisher={IEEE}
}

// matrix factorization

@article{mazumder2010spectral,
	title={Spectral regularization algorithms for learning large incomplete matrices},
	author={Mazumder, Rahul and Hastie, Trevor and Tibshirani, Robert},
	journal={The Journal of Machine Learning Research},
	volume={11},
	pages={2287--2322},
	year={2010},
	publisher={JMLR. org}
}

@inproceedings{lee2001algorithms,
	title={Algorithms for non-negative matrix factorization},
	author={Lee, Daniel D and Seung, H Sebastian},
	booktitle={Advances in neural information processing systems},
	pages={556--562},
	year={2001}
}

@incollection{zhou2008large,
  title={Large-scale parallel collaborative filtering for the netflix prize},
  author={Zhou, Yunhong and Wilkinson, Dennis and Schreiber, Robert and Pan, Rong},
  booktitle={Algorithmic Aspects in Information and Management},
  pages={337--348},
  year={2008},
  publisher={Springer}
}

// non-linear matrix factorization

@inproceedings{lawrence2009non,
	title={Non-linear matrix factorization with Gaussian processes},
	author={Lawrence, Neil D and Urtasun, Raquel},
	booktitle={Proceedings of the 26th Annual International Conference on Machine Learning},
	pages={601--608},
	year={2009},
	organization={ACM}
}

@inproceedings{rendle2010factorization,
  title={Factorization machines},
  author={Rendle, Steffen},
  booktitle={Data Mining (ICDM), 2010 IEEE 10th International Conference on},
  pages={995--1000},
  year={2010},
  organization={IEEE}
}

@inproceedings{lee2013local,
  title={Local low-rank matrix approximation},
  author={Lee, Joonseok and Kim, Seungyeon and Lebanon, Guy and Singer, Yoram},
  booktitle={Proceedings of The 30th International Conference on Machine Learning},
  pages={82--90},
  year={2013}
}

// word2vec
@article{mikolov2013efficient,
	title={Efficient estimation of word representations in vector space},
	author={Mikolov, Tomas and Chen, Kai and Corrado, Greg and Dean, Jeffrey},
	journal={arXiv preprint arXiv:1301.3781},
	year={2013}
}

========================================================================

@article{chin2015fast,
  title={A fast parallel stochastic gradient method for matrix factorization in shared memory systems},
  author={Chin, Wei-Sheng and Zhuang, Yong and Juan, Yu-Chin and Lin, Chih-Jen},
  journal={ACM Transactions on Intelligent Systems and Technology (TIST)},
  volume={6},
  number={1},
  pages={2},
  year={2015},
  publisher={ACM}
}

@article{rendle2012factorization,
  title={Factorization machines with libFM},
  author={Rendle, Steffen},
  journal={ACM Transactions on Intelligent Systems and Technology (TIST)},
  volume={3},
  number={3},
  pages={57},
  year={2012},
  publisher={ACM}
}

@article{chen2011feature,
	title={Feature-based matrix factorization},
	author={Chen, Tianqi and Zheng, Zhao and Lu, Qiuxia and Zhang, Weinan and Yu, Yong},
	journal={arXiv preprint arXiv:1109.2271},
	year={2011}
}

========================================================================
// best result
@inproceedings{sedhain2015autorec,
	title={Autorec: Autoencoders meet collaborative filtering},
	author={Sedhain, Suvash and Menon, Aditya Krishna and Sanner, Scott and Xie, Lexing},
	booktitle={Proceedings of the 24th International Conference on World Wide Web Companion},
	pages={111--112},
	year={2015},
	organization={International World Wide Web Conferences Steering Committee}
}
