@article{lu2012recommender,
  title={Recommender systems},
  author={L{\"u}, Linyuan and Medo, Mat{\'u}{\v{s}} and Yeung, Chi Ho and Zhang, Yi-Cheng and Zhang, Zi-Ke and Zhou, Tao},
  journal={Physics Reports},
  volume={519},
  number={1},
  pages={1--49},
  year={2012},
  publisher={Elsevier}
}

@article{su2009survey,
  title={A survey of collaborative filtering techniques},
  author={Su, Xiaoyuan and Khoshgoftaar, Taghi M},
  journal={Advances in artificial intelligence},
  volume={2009},
  pages={4},
  year={2009},
  publisher={Hindawi Publishing Corp.}
}

@article{linden2003amazon,
  title={Amazon. com recommendations: Item-to-item collaborative filtering},
  author={Linden, Greg and Smith, Brent and York, Jeremy},
  journal={IEEE Internet computing},
  volume={7},
  number={1},
  pages={76--80},
  year={2003},
  publisher={IEEE}
}

@inproceedings{wang2006unifying,
  title={Unifying user-based and item-based collaborative filtering approaches by similarity fusion},
  author={Wang, Jun and De Vries, Arjen P and Reinders, Marcel JT},
  booktitle={Proceedings of the 29th annual international ACM SIGIR conference on Research and development in information retrieval},
  pages={501--508},
  year={2006},
  organization={ACM}
}

@article{adomavicius2005toward,
  title={Toward the next generation of recommender systems: A survey of the state-of-the-art and possible extensions},
  author={Adomavicius, Gediminas and Tuzhilin, Alexander},
  journal={IEEE transactions on knowledge and data engineering},
  volume={17},
  number={6},
  pages={734--749},
  year={2005},
  publisher={IEEE}
}

@article{koren2009matrix,
  title={Matrix factorization techniques for recommender systems},
  author={Koren, Yehuda and Bell, Robert and Volinsky, Chris and others},
  journal={Computer},
  volume={42},
  number={8},
  pages={30--37},
  year={2009},
  publisher={Institute of Electrical and Electronics Engineers, Inc., 3 Park Avenue, 17 th Fl New York NY 10016-5997 United States}
}

@inproceedings{paterek2007improving,
  title={Improving regularized singular value decomposition for collaborative filtering},
  author={Paterek, Arkadiusz},
  booktitle={Proceedings of KDD cup and workshop},
  volume={2007},
  pages={5--8},
  year={2007}
}

@article{lee1999learning,
  title={Learning the parts of objects by non-negative matrix factorization},
  author={Lee, Daniel D and Seung, H Sebastian},
  journal={Nature},
  volume={401},
  number={6755},
  pages={788--791},
  year={1999},
  publisher={Nature Publishing Group}
}

@inproceedings{ju2014modeling,
  title={Modeling Behaviors of Browsing and Buying for Alidata Discovery Using Joint Non-negative Matrix Factorization},
  author={Ju, Bin and Ye, Mincao and Qian, Yuntao and Ni, Rong and Zhu, Chenxi},
  booktitle={Computational Intelligence and Security (CIS), 2014 Tenth International Conference on},
  pages={114--118},
  year={2014},
  organization={IEEE}
}

@article{breiman2001random,
  title={Random forests},
  author={Breiman, Leo},
  journal={Machine learning},
  volume={45},
  number={1},
  pages={5--32},
  year={2001},
  publisher={Springer}
}

@article{friedman2003multiple,
  title={Multiple additive regression trees with application in epidemiology},
  author={Friedman, Jerome H and Meulman, Jacqueline J},
  journal={Statistics in medicine},
  volume={22},
  number={9},
  pages={1365--1381},
  year={2003},
  publisher={Wiley Online Library}
}

@article{bowling2006machine,
  title={Machine learning and games},
  author={Bowling, Michael and F{\"u}rnkranz, Johannes and Graepel, Thore and Musick, Ron},
  journal={Machine learning},
  volume={63},
  number={3},
  pages={211--215},
  year={2006},
  publisher={Springer}
}

